@book{dearaujo2014,
  author = {Thelmo de Araujo},
  title = {Álgebra Linear: Teoria e Aplicações},
  volume = {},
  edition = {},
  address = {Rio de Janeiro},
  publisher = {SBM},
  url = {},
  year = {2014},
  isbn = {}
}
